<record><leader>00000cas a22000007a 4500</leader><controlfield tag="001">12659984</controlfield><controlfield tag="008">851011d18911896wvudr ne      0    0eng d</controlfield><datafield ind1=" " ind2=" " tag="010"><subfield code="a">sn 85059538 </subfield></datafield><datafield ind1=" " ind2=" " tag="040"><subfield code="a">WVC</subfield><subfield code="b">eng</subfield><subfield code="c">WVC</subfield><subfield code="d">OCL</subfield><subfield code="d">OCLCQ</subfield></datafield><datafield ind1=" " ind2=" " tag="042"><subfield code="a">msc</subfield></datafield><datafield ind1="0" ind2=" " tag="130"><subfield code="a">World (Martinsburg, W. Va. : 1891)</subfield></datafield><datafield ind1="1" ind2="4" tag="245"><subfield code="a">The World.</subfield></datafield><datafield ind1=" " ind2=" " tag="260"><subfield code="a">Martinsburg, W. Va. :</subfield><subfield code="b">F. Vernon Aler,</subfield><subfield code="c">1891-</subfield></datafield><datafield ind1=" " ind2=" " tag="300"><subfield code="a">v.</subfield></datafield><datafield ind1=" " ind2=" " tag="310"><subfield code="a">Daily</subfield></datafield><datafield ind1="0" ind2=" " tag="362"><subfield code="a">Vol. 1, no. 1 (Aug. 31, 1891)-</subfield></datafield><datafield ind1="1" ind2=" " tag="362"><subfield code="a">Ceased in 1896?</subfield></datafield><datafield ind1=" " ind2=" " tag="580"><subfield code="a">Also issued in a weekly entitled: The World.</subfield></datafield><datafield ind1=" " ind2=" " tag="752"><subfield code="a">United States</subfield><subfield code="b">West Virginia</subfield><subfield code="c">Berkeley</subfield><subfield code="d">Martinsburg.</subfield></datafield><datafield ind1="1" ind2=" " tag="775"><subfield code="t">World (Martinsburg, W. Va. : Weekly)</subfield><subfield code="w">(DLC)sn 85059537</subfield></datafield><datafield ind1="0" ind2="0" tag="785"><subfield code="t">Evening World (Martinsburg, W. Va. : 1896)</subfield><subfield code="w">(DLC)sn 85059539</subfield></datafield></record>